<record><leader>00000cas a22000007a 4500</leader><controlfield tag="001">18654593</controlfield><controlfield tag="008">881021c19869999mduwr ne      0   a0eng d</controlfield><datafield ind1=" " ind2=" " tag="010"><subfield code="a">sn 88002773 </subfield></datafield><datafield ind1=" " ind2=" " tag="040"><subfield code="a">NSD</subfield><subfield code="b">eng</subfield><subfield code="c">NSD</subfield><subfield code="d">MFN</subfield><subfield code="d">OCLCQ</subfield><subfield code="d">B@L</subfield><subfield code="d">OCLCO</subfield><subfield code="d">OCLCF</subfield></datafield><datafield ind1=" " ind2=" " tag="012"><subfield code="l">y</subfield></datafield><datafield ind1="1" ind2=" " tag="022"><subfield code="a">1041-0880</subfield><subfield code="l">1041-0880</subfield><subfield code="y">0191-6211</subfield><subfield code="2">1</subfield></datafield><datafield ind1="1" ind2=" " tag="029"><subfield code="a">AU@</subfield><subfield code="b">000025821751</subfield></datafield><datafield ind1=" " ind2=" " tag="037"><subfield code="b">Owings Mills Times, 409 Washington Ave., Towson, MD 21204</subfield></datafield><datafield ind1=" " ind2=" " tag="042"><subfield code="a">nsdp</subfield><subfield code="a">msc</subfield></datafield><datafield ind1=" " ind2="0" tag="222"><subfield code="a">Owings Mills times</subfield></datafield><datafield ind1="0" ind2="0" tag="245"><subfield code="a">Owings Mills times.</subfield></datafield><datafield ind1=" " ind2=" " tag="260"><subfield code="a">Towson, Md. :</subfield><subfield code="b">Times Pub. Group</subfield></datafield><datafield ind1=" " ind2=" " tag="300"><subfield code="a">v.</subfield></datafield><datafield ind1=" " ind2=" " tag="310"><subfield code="a">Weekly</subfield></datafield><datafield ind1="0" ind2=" " tag="362"><subfield code="a">Vol. 1, no. 1 (Apr. 3, 1986)-</subfield></datafield><datafield ind1=" " ind2="0" tag="651"><subfield code="a">Maryland.</subfield></datafield><datafield ind1=" " ind2="7" tag="651"><subfield code="a">Maryland.</subfield><subfield code="2">fast</subfield><subfield code="0">(OCoLC)fst01204739</subfield></datafield><datafield ind1=" " ind2=" " tag="752"><subfield code="a">United States</subfield><subfield code="b">Maryland</subfield><subfield code="c">Baltimore</subfield><subfield code="d">Owings Mills.</subfield></datafield><datafield ind1=" " ind2=" " tag="752"><subfield code="a">United States</subfield><subfield code="b">Maryland</subfield><subfield code="c">Baltimore</subfield><subfield code="d">Pikesville.</subfield></datafield><datafield ind1=" " ind2=" " tag="752"><subfield code="a">United States</subfield><subfield code="b">Maryland</subfield><subfield code="c">Baltimore</subfield><subfield code="d">Reisterstown.</subfield></datafield><datafield ind1=" " ind2=" " tag="752"><subfield code="a">United States</subfield><subfield code="b">Maryland</subfield><subfield code="c">Baltimore</subfield><subfield code="d">Glyndon.</subfield></datafield><datafield ind1=" " ind2=" " tag="752"><subfield code="a">United States</subfield><subfield code="b">Maryland</subfield><subfield code="c">Baltimore</subfield><subfield code="d">Randallstown.</subfield></datafield><datafield ind1="0" ind2="5" tag="780"><subfield code="t">Owings Mills, Pikesville, Randallstown, Reisterstown flier</subfield><subfield code="g">May 1988</subfield><subfield code="x">0898-123X</subfield><subfield code="w">(DLC)sn 88000998</subfield></datafield></record>